<record><leader>00000cas a22000007a 4500</leader><controlfield tag="001">24536010</controlfield><controlfield tag="008">911011d18801uuunyudn ne      0    0eng d</controlfield><datafield ind1=" " ind2=" " tag="010"><subfield code="a">sn 91066700 </subfield></datafield><datafield ind1=" " ind2=" " tag="040"><subfield code="a">NYS</subfield><subfield code="b">eng</subfield><subfield code="c">NYS</subfield><subfield code="d">OCLCQ</subfield></datafield><datafield ind1=" " ind2=" " tag="042"><subfield code="a">msc</subfield></datafield><datafield ind1="0" ind2=" " tag="130"><subfield code="a">Daily local (Greenville, N.Y.)</subfield></datafield><datafield ind1="1" ind2="0" tag="245"><subfield code="a">Daily local.</subfield></datafield><datafield ind1=" " ind2=" " tag="260"><subfield code="a">Greenville, Greene County, N.Y. :</subfield><subfield code="b">P. Winne,</subfield><subfield code="c">1880-</subfield></datafield><datafield ind1=" " ind2=" " tag="300"><subfield code="a">v.</subfield></datafield><datafield ind1=" " ind2=" " tag="310"><subfield code="a">Daily (except Saturday and Sunday)</subfield></datafield><datafield ind1="0" ind2=" " tag="362"><subfield code="a">Vol. 1, no. 1 (Sept. 7, 1880)-</subfield></datafield><datafield ind1=" " ind2=" " tag="580"><subfield code="a">Weekly ed.: Greenville local (Greenville, N.Y. : 1880).</subfield></datafield><datafield ind1=" " ind2=" " tag="588"><subfield code="a">Latest issue consulted: Vol. 1, no. 5 (Sept. 13, 1880).</subfield></datafield><datafield ind1=" " ind2="4" tag="651"><subfield code="a">Greenville (N.Y.)</subfield><subfield code="v">Newspapers.</subfield></datafield><datafield ind1=" " ind2=" " tag="752"><subfield code="a">United States</subfield><subfield code="b">New York</subfield><subfield code="c">Greene</subfield><subfield code="d">Greenville.</subfield></datafield><datafield ind1="1" ind2=" " tag="775"><subfield code="t">Greenville local (Greenville, N.Y. : 1877)</subfield><subfield code="w">(DLC)sn 83031405</subfield><subfield code="w">(OCoLC)9871264</subfield></datafield><datafield ind1="1" ind2=" " tag="029"><subfield code="a">AU@</subfield><subfield code="b">000025850799</subfield></datafield></record>